<?xml version="1.0" encoding="UTF-8"?><collection><record><leader>06648ntm a2200625 a 4500</leader><controlfield tag="001">006814141</controlfield><controlfield tag="003">MiAaHDL</controlfield><controlfield tag="005">20190719000000.0</controlfield><controlfield tag="006">m        d        </controlfield><controlfield tag="007">cr bn ---auaua</controlfield><controlfield tag="008">090601s1895    xx            000 0 ara  </controlfield><datafield tag="035" ind1=" " ind2=" "><subfield code="a">(MiU)006814141</subfield></datafield><datafield tag="035" ind1=" " ind2=" "><subfield code="a">sdr-miu006814141</subfield></datafield><datafield tag="040" ind1=" " ind2=" "><subfield code="a">MiU</subfield><subfield code="c">MiU</subfield><subfield code="e">amremm</subfield></datafield><datafield tag="043" ind1=" " ind2=" "><subfield code="a">n-us-mi</subfield></datafield><datafield tag="100" ind1="0" ind2=" "><subfield code="6">880-01</subfield><subfield code="a">Muḥammad ibn Sulayman ʻArafāt,</subfield><subfield code="d">fl. 1895.</subfield></datafield><datafield tag="240" ind1="1" ind2="0"><subfield code="6">880-02</subfield><subfield code="a">Sīrat Fāris al-ʻIrāq.</subfield><subfield code="n">juzʼ 9.</subfield></datafield><datafield tag="245" ind1="1" ind2="3"><subfield code="6">880-03</subfield><subfield code="a">al-Juzʼ al-tāsiʻ min Sīrat Fāris al-ʻIrāq :</subfield><subfield code="b">man zalzala jamīʻ al-āfāq wa-shattat al-mulūk min al-ṭibāq, al-fāris al-mumāris wa-al-asad al-mutāris al-Malik Asad al-Fawāris,</subfield><subfield code="f">[1312, i.e. 1895].</subfield></datafield><datafield tag="246" ind1="3" ind2=" "><subfield code="6">880-04</subfield><subfield code="i">Title from close on p.123:</subfield><subfield code="a">جزء التاسع من سيرة اسد الفوارس</subfield></datafield><datafield tag="246" ind1="3" ind2="8"><subfield code="a">اسد فوارس ٩</subfield></datafield><datafield tag="260" ind1=" " ind2=" "><subfield code="c">[1895].</subfield></datafield><datafield tag="300" ind1=" " ind2=" "><subfield code="a">63 leaves :</subfield><subfield code="b">paper ;</subfield><subfield code="c">220 x 165 (185-190 x 110-115) mm.</subfield></datafield><datafield tag="500" ind1=" " ind2=" "><subfield code="a">Shelfmark: Ann Arbor, University of Michigan, Special Collections Library, Isl. Ms. 653 v.9</subfield></datafield><datafield tag="500" ind1=" " ind2=" "><subfield code="a">Origin: This volume lacks dated colophon. As appears in colophon of volume 25 (Isl. Ms. 653 v.25, pp.112-113) transcription of the entire set executed by Muḥammad ibn al-Ḥājj Sulaymān ʻArafāt with transcription completed 20 Dhū al-Ḥijjah 1312 [ca. 14 June 1895]. This volume was likely completed within months of that date. The colophon of vol. 25 also indicates that the work was authored by Muḥammad ibn al-Ḥājj Sulaymān ʻArafāt and Amīn ibn Muḥammad al-Sārī.</subfield></datafield><datafield tag="500" ind1=" " ind2=" "><subfield code="a">Accompanying materials: For acquisitions slip and inventory cataloguing slip, see volume 1 of the set, Isl. Ms. v.1.</subfield></datafield><datafield tag="500" ind1=" " ind2=" "><subfield code="a">Former shelfmark: From interior of upper cover, "IL 163" (likely supplied by Yahuda, see acquisitions slip in volume 1, Isl. Ms. 653 v.1).</subfield></datafield><datafield tag="500" ind1=" " ind2=" "><subfield code="a">Binding: Fiber boards covered in a dull yellow paper with cream textile now over spine ; Type III binding (without flap) ; board linings in untinted wove paper ; numeral ٩ (indicating volume number) inscribed on upper and lower covers ; somewhat crudely sewn in beige yarn or twine, mainly four but also seven stations ; overall in somewhat poor condition with abrasion, staining, losses of paper, upper board cracked, etc.</subfield></datafield><datafield tag="500" ind1=" " ind2=" "><subfield code="a">Support: European laid paper with 9-10 laid lines per cm. (vertical), chain lines spaced 23-26 mm. apart (horizontal), and watermark of three crescents (78 mm. long, perpendicular to chains) above 'FERDINANDO BETTI' itself above word in Arabic script (see p.2, 4, 122, etc.).</subfield></datafield><datafield tag="500" ind1=" " ind2=" "><subfield code="a">Decoration: Transfer picture of iris-like flower with stems and leaves on 'title page' (p.3).</subfield></datafield><datafield tag="500" ind1=" " ind2=" "><subfield code="a">Script: Ruqʻah ; virtually serifless with slight effect of tilt to the left and of words descending to baseline (occasionally more exaggerated), mainly closed counters, some elongation of horizontal strokes, point of final nūn often set deep within bowl, pointing (for two and three dots) varies from strokes or conjoined dots to distinct dots.</subfield></datafield><datafield tag="500" ind1=" " ind2=" "><subfield code="a">Layout: Written in 15 lines per page, occasionally divided to two columns to set off poetry.</subfield></datafield><datafield tag="500" ind1=" " ind2=" "><subfield code="a">Collation: VIII (16), VII (30), VIII (46), VIII+1 (63) ; octonions (one anonmalous) and a septenion ; final leaf left blank (serves as a ’flyleaf’) ; pagination in black ink, Hindu-Arabic numerals, center of the upper margin ; pagination in pencil, Western numerals, supplied during digitization.</subfield></datafield><datafield tag="500" ind1=" " ind2=" "><subfield code="a">Explicit: "ان عساكري اكثر من هذه الرمال وان ما تحذر والليل امسى والحديث ليلة غدا وغدا تسمعون يا اخوان ما يأتي في بقية هذا الكلام واصلي واسلم على سيد ولد عدنان انتهى الجزء التاسع من سيرة اسد الفوارس ويليه العاشر"</subfield></datafield><datafield tag="500" ind1=" " ind2=" "><subfield code="a">Incipit: "الحمد لله رب العالمين والصلاة والسلام على سيد المرسلين سيدنا محمد وعلى اله وصحبه واهل بيته اجمعين قال الراوي وما زال الحرب يعمد حتى الى النهار ..."</subfield></datafield><datafield tag="500" ind1=" " ind2=" "><subfield code="a">Title from 'title page' (p.3).</subfield></datafield><datafield tag="500" ind1=" " ind2=" "><subfield code="a">Ms. codex.</subfield></datafield><datafield tag="510" ind1="4" ind2=" "><subfield code="a">"Fāris." EI2,</subfield><subfield code="c">vol. II, p.800, col.1</subfield></datafield><datafield tag="510" ind1="4" ind2=" "><subfield code="a">Heath, P. " Sīra Shabiyya." EI2,</subfield><subfield code="c">vol. IX, p.664, col.1</subfield></datafield><datafield tag="520" ind1="8" ind2=" "><subfield code="a">Ninth of twenty-five volumes containing a collection of the epic tales of al-Malik Asad al-Fawāris ibn Jūdar [Jawdar], the fāris of ʻIrāq, in the manner of the Arabic heroic narrative (sīrah shaʻbīyah) apparently compiled in the present form by Muḥammad ibn Sulayman ʻArafāt (fl.1895) and Amīn ibn Muḥammad al-Sārī (fl.1895).</subfield></datafield><datafield tag="538" ind1=" " ind2=" "><subfield code="a">Mode of access: Internet.</subfield></datafield><datafield tag="541" ind1=" " ind2=" "><subfield code="a">Acquired in 1926 from the bookseller Isaac Benjamin S.E. Yahuda via purchase transacted on his behalf by his younger brother, the famous Orientalist and manuscript collector Abraham Shalom Yahuda (1877-1951).</subfield></datafield><datafield tag="546" ind1=" " ind2=" "><subfield code="a">Arabic.</subfield></datafield><datafield tag="561" ind1=" " ind2=" "><subfield code="a">Possible former shelfmark on spine "٩" ; childish scribbles and drawings on cover, opening leaf (p.1), etc. ; ownership statement in name of author / copyist Muḥammad ʻArafāt ( محمد عرفات ) on opening leaf beside pencil drawing of a horse and fāris ; two other ownership statements in name of Muḥammad ʻArafāt on lower board lining flanking another drawing of a horse and fāris with spear, one in Arabic (statement reads "قد دخل هذا الكتاب في ملك محمد عرفات") and one in English (statement reads, "This book belong [sic] to Moh. [?] Araffat").</subfield></datafield><datafield tag="650" ind1=" " ind2="0"><subfield code="a">Manuscripts, Arabic</subfield><subfield code="z">Michigan</subfield><subfield code="z">Ann Arbor.</subfield></datafield><datafield tag="650" ind1=" " ind2="0"><subfield code="a">Arabs</subfield><subfield code="v">Folklore.</subfield></datafield><datafield tag="650" ind1=" " ind2="0"><subfield code="a">Folk literature, Arabic.</subfield></datafield><datafield tag="700" ind1="0" ind2=" "><subfield code="6">880-06</subfield><subfield code="a">Muḥammad ibn Sulayman ʻArafāt,</subfield><subfield code="d">fl. 1895,</subfield><subfield code="e">scribe,</subfield><subfield code="e">former owner.</subfield></datafield><datafield tag="700" ind1="0" ind2=" "><subfield code="6">880-05</subfield><subfield code="a">Amīn ibn Muḥammad al-Sārī,</subfield><subfield code="d">fl. 1895.</subfield></datafield><datafield tag="773" ind1="0" ind2=" "><subfield code="a">Yahuda Collection.</subfield></datafield><datafield tag="880" ind1="0" ind2=" "><subfield code="6">700-06/</subfield><subfield code="a">محمد بن سليمان عرفات,</subfield><subfield code="e">ناسخ,</subfield><subfield code="e">مالك سابق.</subfield></datafield><datafield tag="880" ind1="0" ind2=" "><subfield code="6">700-05/</subfield><subfield code="a">امين بن محمد الساري.</subfield></datafield><datafield tag="880" ind1="3" ind2=" "><subfield code="6">246-04/</subfield><subfield code="a">Juzʼ al-tāsiʻ min Sīrat Asad al-Fawāris</subfield></datafield><datafield tag="880" ind1="1" ind2="2"><subfield code="6">245-03/</subfield><subfield code="a">الجزء التاسع من سيرة فارس العراق :</subfield><subfield code="b">من زلزل جميع الافاق وشتت الملوك من الطباق, الفارس الممارس والاسد المتارس الملك اسد الفوارس,</subfield><subfield code="f">[1312ه، 1895م].</subfield></datafield><datafield tag="880" ind1="1" ind2="0"><subfield code="6">240-02/</subfield><subfield code="a">سيرة فارس العراق.</subfield><subfield code="n">جزء 9.</subfield></datafield><datafield tag="880" ind1="0" ind2=" "><subfield code="6">100-01/</subfield><subfield code="a">محمد بن سليمان عرفات.</subfield></datafield><datafield tag="CID" ind1=" " ind2=" "><subfield code="a">006814141</subfield></datafield><datafield tag="DAT" ind1="0" ind2=" "><subfield code="a">20190719102638.0</subfield><subfield code="b">20190719000000.0</subfield></datafield><datafield tag="DAT" ind1="1" ind2=" "><subfield code="a">20190719090653.0</subfield><subfield code="b">2019-07-19T16:11:49Z</subfield></datafield><datafield tag="DAT" ind1="2" ind2=" "><subfield code="a">2015-10-10T18:00:06Z</subfield></datafield><datafield tag="CAT" ind1=" " ind2=" "><subfield code="a">SDR-MIU</subfield><subfield code="d">EX LIBRIS - ALEPH</subfield><subfield code="l">prepare.pl-004-008</subfield></datafield><datafield tag="FMT" ind1=" " ind2=" "><subfield code="a">BK</subfield></datafield><datafield tag="HOL" ind1=" " ind2=" "><subfield code="0">sdr-miu006814141</subfield><subfield code="a">MiU</subfield><subfield code="b">SDR</subfield><subfield code="c">MIU</subfield><subfield code="p">mdp.39015079128974</subfield><subfield code="s">MIU</subfield><subfield code="1">006814141</subfield></datafield><datafield tag="974" ind1=" " ind2=" "><subfield code="b">MIU</subfield><subfield code="c">MIU</subfield><subfield code="d">20190719</subfield><subfield code="s">lit-dlps-dc</subfield><subfield code="u">mdp.39015079128974</subfield><subfield code="y">1895</subfield><subfield code="r">pd</subfield><subfield code="q">exp</subfield></datafield></record></collection>